@article{Zhou_1988,
  doi = {10.1021/bi00414a027},
  url = {https://doi.org/10.1021%2Fbi00414a027},
  year = {1988},
  month = {jul},
  publisher = {American Chemical Society ({ACS})},
  volume = {27},
  number = {14},
  pages = {5129--5135},
  author = {Junmei Zhou and Zhixiong Xue and Ziyun Du and Teri Melese and Paul D. Boyer},
  title = {{Relationship of tightly bound {ADP} and {ATP} to control and catalysis by chloroplast {ATP} synthase}},
  journal = {Biochemistry},
}


@article{Boyer_1998,
  doi = {10.1002/(sici)1521-3773(19980918)37:17<2296::aid-anie2296>3.0.co;2-w},
  url = {https://doi.org/10.1002%2F%28sici%291521-3773%2819980918%2937%3A17%3C2296%3A%3Aaid-anie2296%3E3.0.co%3B2-w},
  year = {1998},
  month = {sep},
  publisher = {Wiley-Blackwell},
  volume = {37},
  number = {17},
  pages = {2296--2307},
  author = {Paul D. Boyer},
  title = {{Energy Life, and {ATP} (Nobel Lecture)}},
  journal = {Angewandte Chemie International Edition},
}


@article{28439448,
  title = {{Spatial Determinants of Ebola Virus Disease Risk for the West African Epidemic.}},
  date = {2017 Mar 31},
  source = {PLoS Curr},
  authors = {Zinszer, K and Morrison, K and Verma, A and Brownstein, JS},
  author = {Zinszer, K and Morrison, K and Verma, A and Brownstein, JS},
  year = {2017},
  month = {Mar},
  journal = {PLoS Curr},
  volume = {9},
  number = {},
  pages = {},
  pubmed_id = {28439448},
}


@article{Pans2001,
  title = {{Biochemical study of collagen in adult groin hernias.}},
  date = {2001 Feb},
  source = {J Surg Res},
  authors = {Pans, A and Albert, A and Lapière, CM and Nusgens, B},
  author = {Pans, A and Albert, A and Lapière, CM and Nusgens, B},
  year = {2001},
  month = {Feb},
  journal = {J Surg Res},
  volume = {95},
  number = {},
  pages = {107-13},
  pubmed_id = {11162033},
}


@article{Jansen2004,
  title = {{The biology of hernia formation.}},
  date = {2004 Jul},
  source = {Surgery},
  authors = {Jansen, PL and Mertens, Pr Pr and Klinge, U and Schumpelick, V},
  author = {Jansen, PL and Mertens, Pr Pr and Klinge, U and Schumpelick, V},
  year = {2004},
  month = {Jul},
  journal = {Surgery},
  volume = {136},
  number = {},
  pages = {1-4},
  pubmed_id = {15232531},
}


@article{Rosch2002,
  title = {{A role for the collagen I/III and MMP-1/-13 genes in primary inguinal hernia?}},
  date = {2002},
  source = {BMC Med Genet},
  authors = {Rosch, R and Klinge, U and Si, Z and Junge, K and Klosterhalfen, B and Schumpelick, V},
  author = {Rosch, R and Klinge, U and Si, Z and Junge, K and Klosterhalfen, B and Schumpelick, V},
  year = {2002},
  month = {},
  journal = {BMC Med Genet},
  volume = {3},
  number = {},
  pages = {2},
  pubmed_id = {11872152},
}


@article{Lichtenstein1989,
  title = {{The tension-free hernioplasty.}},
  date = {1989 Feb},
  source = {Am J Surg},
  authors = {Lichtenstein, IL and Shulman, AG and Amid, PK and Montllor, MM},
  author = {Lichtenstein, IL and Shulman, AG and Amid, PK and Montllor, MM},
  year = {1989},
  month = {Feb},
  journal = {Am J Surg},
  volume = {157},
  number = {},
  pages = {188-93},
  pubmed_id = {2916733},
}


@article{Bronstein_2009,
  doi = {10.1016/s1053-8119(09)70191-0},
  url = {https://doi.org/10.1016%2Fs1053-8119%2809%2970191-0},
  year = {2009},
  month = {jul},
  publisher = {Elsevier {BV}},
  volume = {47},
  pages = {S55},
  author = {JA Bronstein and PD Kohn and KF Berman},
  title = {{Time-Resolved Intersubject Synchronous Analysis of {fMRI} Data: From Static Maps to Dynamic Movies}},
  journal = {{NeuroImage}},
}
